<record xmlns="http://www.loc.gov/MARC21/slim" xmlns:xsi="http://www.w3.org/2001/XMLSchema-instance" xsi:schemaLocation="http://www.loc.gov/MARC21/slim http://www.loc.gov/standards/marcxml/schema/MARC21slim.xsd"><leader>01643nam a2200337   4500</leader><controlfield tag="001">6226180</controlfield><controlfield tag="003">NIC</controlfield><controlfield tag="006">m        d        </controlfield><controlfield tag="007">cr cn |||m|||a</controlfield><controlfield tag="008">150222s1928    ua a    o     000 f ararc</controlfield><datafield ind1=" " ind2=" " tag="040"><subfield code="a">NNU</subfield><subfield code="b">eng</subfield><subfield code="c">NNU</subfield></datafield><datafield ind1=" " ind2="4" tag="050"><subfield code="a">PJ7864.A5</subfield><subfield code="b">R35 1928</subfield></datafield><datafield ind1="1" ind2=" " tag="100"><subfield code="6">880-01</subfield><subfield code="a">Taymu&#772;r, Mah&#803;mu&#772;d,</subfield><subfield code="d">1894-1973.</subfield></datafield><datafield ind1="1" ind2="0" tag="245"><subfield code="6">880-02</subfield><subfield code="a">Rajab afandi&#772;</subfield><subfield code="h">[electronic resource] :</subfield><subfield code="b">qis&#803;s&#803;ah Mis&#803;ri&#772;yah /</subfield><subfield code="c">Mah&#803;mu&#772;d Taymu&#772;r.</subfield></datafield><datafield ind1=" " ind2=" " tag="260"><subfield code="6">880-03</subfield><subfield code="a">al-Qa&#772;hirah :</subfield><subfield code="b">al-Mat&#803;ba&#699;ah al-Salafi&#772;yah,</subfield><subfield code="c">1928.</subfield></datafield><datafield ind1=" " ind2=" " tag="300"><subfield code="a">online resource (156 p.) :</subfield><subfield code="b">ill.</subfield></datafield><datafield ind1=" " ind2=" " tag="500"><subfield code="a">"Muzayyan bi-s&#803;uwar &#699;adi&#772;dah min s&#803;an&#699; H&#803;usayn Afandi&#772; Fawzi&#772; al-rassa&#772;m."</subfield></datafield><datafield ind1=" " ind2=" " tag="500"><subfield code="a">Includes errata page.</subfield></datafield><datafield ind1=" " ind2=" " tag="500"><subfield code="a">Part of the Arabic Collections Online (ACO) project, contributed by Cornell University Libraries.</subfield></datafield><datafield ind1=" " ind2=" " tag="533"><subfield code="a">Electronic reproduction.</subfield><subfield code="b">New York, N.Y. :</subfield><subfield code="c">New York University,</subfield><subfield code="d">2015.</subfield><subfield code="5">NNU</subfield></datafield><datafield ind1="1" ind2=" " tag="700"><subfield code="6">880-04</subfield><subfield code="a">Fawzi&#772;, H&#803;usayn,</subfield><subfield code="c">Afandi&#772;.</subfield></datafield><datafield ind1="2" ind2=" " tag="710"><subfield code="a">Cornell University.</subfield><subfield code="b">Libraries.</subfield></datafield><datafield ind1="0" ind2=" " tag="730"><subfield code="a">Arabic Collections Online.</subfield></datafield><datafield ind1="0" ind2="8" tag="776"><subfield code="i">Print version:</subfield><subfield code="a">Taymu&#772;r, Mah&#803;mu&#772;d, 1894-1973.</subfield><subfield code="t">Rajab afandi&#772;</subfield><subfield code="w">(NIC)6226180</subfield><subfield code="w">(OCoLC)122839918</subfield></datafield><datafield ind1="4" ind2="0" tag="856"><subfield code="u">http://hdl.handle.net/2333.1/m37pvpm3</subfield></datafield><datafield ind1="1" ind2=" " tag="880"><subfield code="6">100-01/r</subfield><subfield code="a">&#8207;&#1578;&#1610;&#1605;&#1608;&#1585;&#1548; &#1605;&#1581;&#1605;&#1608;&#1583;&#1548;&#8207;</subfield><subfield code="d">&#8207;1894-1973.</subfield></datafield><datafield ind1="1" ind2="0" tag="880"><subfield code="6">245-02/r</subfield><subfield code="a">&#1585;&#1580;&#1576; &#1575;&#1601;&#1606;&#1583;&#1610; :</subfield><subfield code="b">&#1602;&#1589;&#1577; &#1605;&#1589;&#1585;&#1610;&#1577; /</subfield><subfield code="c">&#1605;&#1581;&#1605;&#1608;&#1583; &#1578;&#1610;&#1605;&#1608;&#1585;.</subfield></datafield><datafield ind1=" " ind2=" " tag="880"><subfield code="6">260-03/r</subfield><subfield code="a">&#8207;&#1575;&#1604;&#1602;&#1575;&#1607;&#1585;&#1577; :&#8207;</subfield><subfield code="b">&#8207;&#1575;&#1604;&#1605;&#1591;&#1576;&#1593;&#1577; &#1575;&#1604;&#1587;&#1604;&#1601;&#1610;&#1577;&#1548;&#8207;</subfield><subfield code="c">&#8207;1928.</subfield></datafield><datafield ind1="1" ind2=" " tag="880"><subfield code="6">700-04/r</subfield><subfield code="a">&#1601;&#1608;&#1586;&#1610;&#1548; &#1581;&#1587;&#1610;&#1606;&#1548;</subfield><subfield code="c">&#1571;&#1601;&#1606;&#1583;&#1610;.</subfield></datafield><datafield ind1=" " ind2=" " tag="959"><subfield code="a">NNU</subfield><subfield code="b">WEB</subfield><subfield code="c">GENI</subfield><subfield code="t">0</subfield><subfield code="m">Electronic access</subfield><subfield code="s">01</subfield></datafield><datafield ind1=" " ind2=" " tag="999"><subfield code="i">NIC_6226180</subfield><subfield code="o">(OCoLC)ocn122839918</subfield><subfield code="s">cornell_aco000188</subfield></datafield></record>